01REMESSA01COBRANCA       02450130068009722394PEG PESE SUPERMERCADOS IMP E E033SANTANDER      0306260000000000000000                                                                                                                                                                                                                                                                                   000000001
1026047968000010802450130068009722394000000000000000355728178209722420000000 40300000000000000000    000000501002775600107062600000000184000330000001N080526000000000000000060000000000000000000000000000000000000000000000242439242000126JOBAL LANCHONETE LTDA                   AVENIDA ENGENHEIRO JOSE SALLES40SLJ ESTAINTERLAGOS  04776100SAO PAULO      SP                               I94      00 000002
9000003000000001840000000000000000000000000000000000000000000000000000000000000000000000000000000000000000000000000000000000000000000000000000000000000000000000000000000000000000000000000000000000000000000000000000000000000000000000000000000000000000000000000000000000000000000000000000000000000000000000000000000000000000000000000000000000000000000000000000000000000000000000000000000000000000000003
