02RETORNO01COBRANCA       02451300680709722394PEG PESE SUPERMERCADOS IMPORTA033SANTANDER      01062600000000009722394                                                                                                                                                                                                                                                                                  001000001
1026047968000010802451300680709722394000000000000000355601079709722413                                     50601062600276801010972241300          30052600000000884143418151001000000000001600000000000000000000000000000000000000000000000000000000000000000000000008841400000000000000000000000000 N 020626JOBAL LANCHONETE LTDA                00000000000000000000000000000000000088414C           001000002
9201033          000000050000000000000000000706                                                  000000000000000000000000000000          000000000000000000000000000000                                                                                                                                                                                                                                001000003
