02RETORNO01COBRANCA       02451300680730068080PEG PESE SUPERMERCADOS IMPORTA033SANTANDER      20072600000000009722394                                                                                                                                                                                                                                                                                  008000001
1026047968000010802451300680730068080000000000000000355990561509722448                                     20620072600283463010972244800          20072600000000073443418151001000000000001600000000000000000000000000000000000000000000000000000000000000000000000000734400000000000000000000000000 N 210726JOBAL LANCHONETE LTDA                00000000000000000000000000000000000007344C           008000002
9201033          000000070000000000000000000727                                                  000000000000000000000000000000          000000000000000000000000000000                                                                                                                                                                                                                                008000003
