01REMESSA01COBRANCA       02450130068009722394PEG PESE SUPERMERCADOS IMP E E033SANTANDER      1606260000000000000000                                                                                                                                                                                                                                                                                   000000001
1026047968000010802450130068009722394000000000000000355782870409722430000000 40300000000000000000    000000501002787420117062600000000204580330000001N180526000000000000000070000000000000000000000000000000000000000000000242439242000126JOBAL LANCHONETE LTDA                   AVENIDA ENGENHEIRO JOSE SALLES40SLJ ESTAINTERLAGOS  04776100SAO PAULO      SP                               I94      00 000002
9000003000000002045800000000000000000000000000000000000000000000000000000000000000000000000000000000000000000000000000000000000000000000000000000000000000000000000000000000000000000000000000000000000000000000000000000000000000000000000000000000000000000000000000000000000000000000000000000000000000000000000000000000000000000000000000000000000000000000000000000000000000000000000000000000000000000003
